<?xml version="1.0" encoding="UTF-8"?><collection xmlns="http://www.loc.gov/MARC21/slim"><record><leader>00418nam--2200169-i-4500</leader><controlfield tag="001">000000307</controlfield><controlfield tag="002">20161230</controlfield><controlfield tag="005">20161230201024</controlfield><controlfield tag="008">060222s1000------------r-----000-0-eng-d</controlfield><datafield ind1=" " ind2=" " tag="040"><subfield code="a">IFIN-HH</subfield></datafield><datafield ind1=" " ind2=" " tag="080"><subfield code="a">539:523</subfield></datafield><datafield ind1="1" ind2=" " tag="100"><subfield code="a">Runcorn, S.K</subfield></datafield><datafield ind1="1" ind2="0" tag="245"><subfield code="a">Physics in the sixties</subfield><subfield code="c">S.k. runcorn (ed.)</subfield></datafield><datafield ind1=" " ind2=" " tag="260"><subfield code="a">Edinburgh</subfield><subfield code="b">Oliver &amp; Boyd</subfield><subfield code="c">1963</subfield></datafield><datafield ind1=" " ind2=" " tag="300"><subfield code="a">112P</subfield></datafield><datafield ind1=" " ind2=" " tag="852"><subfield code="a">19219</subfield><subfield code="c">539</subfield></datafield><datafield ind1=" " ind2=" " tag="CAT"><subfield code="a">Sys</subfield><subfield code="c">20110927</subfield><subfield code="h">155945</subfield></datafield></record></collection>